<record><leader>00000cas a22000007a 4500</leader><controlfield tag="001">26953223</controlfield><controlfield tag="008">921111d18791896mouwr ne      0    0eng d</controlfield><datafield ind1=" " ind2=" " tag="010"><subfield code="a">sn 92058944 </subfield></datafield><datafield ind1=" " ind2=" " tag="040"><subfield code="a">MQN</subfield><subfield code="b">eng</subfield><subfield code="c">MQN</subfield><subfield code="d">PPM</subfield><subfield code="d">NVK</subfield><subfield code="d">OCLCQ</subfield><subfield code="d">OCLCF</subfield><subfield code="d">OCLCO</subfield><subfield code="d">OCLCA</subfield></datafield><datafield ind1="1" ind2=" " tag="029"><subfield code="a">AU@</subfield><subfield code="b">000020720035</subfield></datafield><datafield ind1=" " ind2=" " tag="042"><subfield code="a">msc</subfield></datafield><datafield ind1=" " ind2=" " tag="043"><subfield code="a">n-us-mo</subfield><subfield code="a">n-us---</subfield></datafield><datafield ind1="0" ind2=" " tag="130"><subfield code="a">St. Louis Presbyterian (Saint Louis, Mo. : 1879)</subfield></datafield><datafield ind1="1" ind2="4" tag="245"><subfield code="a">The St. Louis Presbyterian.</subfield></datafield><datafield ind1="1" ind2="3" tag="246"><subfield code="a">Saint Louis Presbyterian</subfield></datafield><datafield ind1=" " ind2=" " tag="260"><subfield code="a">St. Louis, Mo. :</subfield><subfield code="b">Presbyterian Publication Co. of St. Louis</subfield></datafield><datafield ind1=" " ind2=" " tag="300"><subfield code="a">v.</subfield></datafield><datafield ind1=" " ind2=" " tag="310"><subfield code="a">Weekly</subfield></datafield><datafield ind1="1" ind2=" " tag="362"><subfield code="a">Began in 1879 with vol. 14.</subfield></datafield><datafield ind1="0" ind2=" " tag="362"><subfield code="a">-v. 31, no. 43 (Dec. 31, 1896).</subfield></datafield><datafield ind1=" " ind2=" " tag="500"><subfield code="a">Robert P. Farris, ed.</subfield></datafield><datafield ind1=" " ind2=" " tag="500"><subfield code="a">Presbyterian Publication Co. sold subscription list of St. Louis Presbyterian to the Christian Observer, Dec. 1896.</subfield></datafield><datafield ind1=" " ind2=" " tag="550"><subfield code="a">Organ of the Synod of Missouri, Presbyterian Church in the U.S.</subfield></datafield><datafield ind1=" " ind2=" " tag="588"><subfield code="a">Description based on: Vol. 14, no. 6 (Apr. 18, 1879).</subfield></datafield><datafield ind1=" " ind2="0" tag="650"><subfield code="a">Presbyterians</subfield><subfield code="z">Missouri</subfield><subfield code="v">Newspapers.</subfield></datafield><datafield ind1=" " ind2="0" tag="650"><subfield code="a">Presbyterians</subfield><subfield code="z">United States</subfield><subfield code="v">Newspapers.</subfield></datafield><datafield ind1=" " ind2="0" tag="650"><subfield code="a">Presbyterian Church</subfield><subfield code="z">Missouri</subfield><subfield code="v">Newspapers.</subfield></datafield><datafield ind1=" " ind2="7" tag="655"><subfield code="a">Newspapers.</subfield><subfield code="2">fast</subfield><subfield code="0">(OCoLC)fst01423814</subfield></datafield><datafield ind1=" " ind2="7" tag="650"><subfield code="a">Presbyterian Church.</subfield><subfield code="2">fast</subfield><subfield code="0">(OCoLC)fst01075515</subfield></datafield><datafield ind1=" " ind2="7" tag="650"><subfield code="a">Presbyterians.</subfield><subfield code="2">fast</subfield><subfield code="0">(OCoLC)fst01075567</subfield></datafield><datafield ind1=" " ind2="7" tag="651"><subfield code="a">Missouri.</subfield><subfield code="2">fast</subfield><subfield code="0">(OCoLC)fst01204724</subfield></datafield><datafield ind1=" " ind2="7" tag="651"><subfield code="a">United States.</subfield><subfield code="2">fast</subfield><subfield code="0">(OCoLC)fst01204155</subfield></datafield><datafield ind1="1" ind2=" " tag="700"><subfield code="a">Farris, Robert P.</subfield><subfield code="q">(Robert Perry),</subfield><subfield code="d">1826-1903.</subfield></datafield><datafield ind1="2" ind2=" " tag="710"><subfield code="a">Presbyterian Church in the U.S.</subfield><subfield code="b">Synod of Missouri.</subfield></datafield><datafield ind1=" " ind2=" " tag="752"><subfield code="a">United States</subfield><subfield code="b">Missouri</subfield><subfield code="d">Saint Louis.</subfield></datafield><datafield ind1="0" ind2="0" tag="780"><subfield code="t">Saint Louis Presbyterian and the Memphis Presbyterian</subfield><subfield code="w">(DLC)sn 92058942</subfield></datafield><datafield ind1="0" ind2="7" tag="785"><subfield code="t">Texas Presbyterian (Galveston, Tex. : 1876)</subfield><subfield code="w">(DLC)sn 87091029</subfield></datafield><datafield ind1="0" ind2="7" tag="785"><subfield code="t">Trans-Mississippi Presbyterian</subfield><subfield code="w">(DLC)sn 87091026</subfield></datafield></record>